@article{lee2003, 
	author={H. Lee and J. Kim and S. J. Hong and S. Lee}, 
	journal={IEEE Transactions on Parallel and Distributed Systems}, 
	title={Processor allocation and task scheduling of matrix chain products on parallel systems}, 
	year={2003}, 
	volume={14}, 
	number={4}, 
	pages={394-407}, 
	doi={10.1109/TPDS.2003.1195411}, 
	ISSN={1045-9219}, 
	month={April}
}